<record><leader>00000cas a2200000 a 4500</leader><controlfield tag="001">21438468</controlfield><controlfield tag="008">900427d19591959iluwr ne      0   a0eng c</controlfield><datafield ind1=" " ind2=" " tag="010"><subfield code="a">sn 90054464 </subfield></datafield><datafield ind1=" " ind2=" " tag="040"><subfield code="a">NVF</subfield><subfield code="b">eng</subfield><subfield code="c">NVF</subfield><subfield code="d">NVF</subfield><subfield code="d">OCLCF</subfield><subfield code="d">OCLCO</subfield></datafield><datafield ind1="1" ind2=" " tag="029"><subfield code="a">AU@</subfield><subfield code="b">000020607976</subfield></datafield><datafield ind1=" " ind2=" " tag="042"><subfield code="a">pcc</subfield></datafield><datafield ind1=" " ind2=" " tag="043"><subfield code="a">n-us-il</subfield></datafield><datafield ind1="0" ind2="4" tag="245"><subfield code="a">The Atlanta Argus-lens.</subfield></datafield><datafield ind1="3" ind2=" " tag="246"><subfield code="a">Atlanta Argus lens</subfield></datafield><datafield ind1=" " ind2=" " tag="260"><subfield code="a">Atlanta, Logan County, Ill. :</subfield><subfield code="b">Earl Wilcoxson,</subfield><subfield code="c">1959.</subfield></datafield><datafield ind1=" " ind2=" " tag="300"><subfield code="a">v.</subfield></datafield><datafield ind1=" " ind2=" " tag="310"><subfield code="a">Weekly</subfield></datafield><datafield ind1="0" ind2=" " tag="362"><subfield code="a">Vol. 92, no. 5 (Jan. 29, 1959)-v. 92, no. 18 (Apr. 30, 1959).</subfield></datafield><datafield ind1=" " ind2=" " tag="580"><subfield code="a">Formed by the union of: Atlanta Argus (Atlanta, Ill. : 1869) and: McLean County news (McLean, Ill.).</subfield></datafield><datafield ind1=" " ind2=" " tag="580"><subfield code="a">Split into: Atlanta Argus (Atlanta, Ill. : 1959) and: McLean lens (McLean, Ill. : 1959).</subfield></datafield><datafield ind1=" " ind2="0" tag="651"><subfield code="a">Atlanta (Ill.)</subfield><subfield code="v">Newspapers.</subfield></datafield><datafield ind1=" " ind2="0" tag="651"><subfield code="a">McLean County (Ill.)</subfield><subfield code="v">Newspapers.</subfield></datafield><datafield ind1=" " ind2="7" tag="655"><subfield code="a">Newspapers.</subfield><subfield code="2">fast</subfield><subfield code="0">(OCoLC)fst01423814</subfield></datafield><datafield ind1=" " ind2="7" tag="651"><subfield code="a">Illinois</subfield><subfield code="z">Atlanta.</subfield><subfield code="2">fast</subfield><subfield code="0">(OCoLC)fst01291443</subfield></datafield><datafield ind1=" " ind2="7" tag="651"><subfield code="a">Illinois</subfield><subfield code="z">McLean County.</subfield><subfield code="2">fast</subfield><subfield code="0">(OCoLC)fst01208904</subfield></datafield><datafield ind1=" " ind2=" " tag="752"><subfield code="a">United States</subfield><subfield code="b">Illinois</subfield><subfield code="c">Logan</subfield><subfield code="d">Atlanta.</subfield></datafield><datafield ind1="1" ind2="4" tag="780"><subfield code="t">Atlanta Argus (Atlanta, Ill. : 1869)</subfield><subfield code="w">(DLC)sn 85033362</subfield><subfield code="w">(OCoLC)11902078</subfield></datafield><datafield ind1="1" ind2="4" tag="780"><subfield code="t">McLean County news (McLean, Ill.)</subfield><subfield code="w">(DLC)sn 90054459</subfield><subfield code="w">(OCoLC)21437581</subfield></datafield><datafield ind1="1" ind2="6" tag="785"><subfield code="t">Atlanta Argus (Atlanta, Ill. : 1959)</subfield><subfield code="w">(DLC)sn 90054449</subfield><subfield code="w">(OCoLC)21437883</subfield></datafield><datafield ind1="1" ind2="6" tag="785"><subfield code="t">McLean lens (McLean, Ill. : 1959)</subfield><subfield code="w">(DLC)sn 87082817</subfield><subfield code="w">(OCoLC)15906108</subfield></datafield></record>